@article{tenopir2011data,
  title={Data sharing by scientists: practices and perceptions},
  author={Tenopir, Carol and Allard, Suzie and Douglass, Kimberly and Aydinoglu, Arsev Umur and Wu, Lei and Read, Eleanor and Manoff, Maribeth and Frame, Mike},
  journal={PloS one},
  volume={6},
  number={6},
  pages={e21101},
  year={2011},
  publisher={Public Library of Science San Francisco, USA}
}

@article{piwowar2013data,
  title={Data reuse and the open data citation advantage},
  author={Piwowar, Heather A and Vision, Todd J},
  journal={PeerJ},
  volume={1},
  pages={e175},
  year={2013},
  publisher={PeerJ Inc.}
}

@article{schmitt2020nfdi4ing,
  title={NFDI4Ing-the National Research Data Infrastructure for Engineering Sciences},
  author={Schmitt, Robert H and Anthofer, Verena and Auer, S{\"o}ren and Ba{\c{s}}kaya, Sait and Bischof, Christian and Bronger, Torsten and Claus, Florian and Cordes, Florian and Demandt, {\'E}variste and Eifert, Thomas and others},
  journal={Zenodo},
  year={2020}
}

@thesis{nowak2024pvw,
	author = {Fabian Nowak},
	title = {Bereitstellung von Forschungsdaten über eine Rechencloud: Eine Fallstudie zur Strömungsimulation des Wiedereintrittsvorgangs einer Apollo-artigen Raumkapsel},
	year = {2023},
	school = {Technische Universität München},
  type={Bachelor's Thesis},
	month = {},
	adress = {},
	pages = {},
	language = {de},
	keywords = {},
	note = {},
  howpublished = {\url{https://mediatum.ub.tum.de/1688956?show_id=1739949}}
}

@misc{DFNAAI,
	author = {},
	title = {{D}{F}{N}-{A}{A}{I} {P}ortal --- aai.dfn.de},
	howpublished = {\url{https://www.aai.dfn.de/}},
	year = {},
	note = {[Accessed 12-08-2024]},
}

@article{cantor2005shibboleth,
  title={Shibboleth architecture},
  author={Cantor, Scott and Scavo, Tom},
  journal={Protocols and Profiles},
  volume={10},
  number={16},
  pages={29},
  year={2005}
}

@misc{kitwareOsmesaBinary,
	author = {},
	title = {osmesa binary release crash on rendering with recent glibc (\#22350) · {I}ssues · {P}ara{V}iew / {P}ara{V}iew · {G}it{L}ab --- gitlab.kitware.com},
	howpublished = {\url{https://gitlab.kitware.com/paraview/paraview/-/issues/22350}},
	year = {},
	note = {[Accessed 13-08-2024]},
}

@misc{paraviewUsingUbuntu,
	author = {},
	title = {{I}'m using {U}buntu 22 and {P}ara{V}iew osmesa binary crashes on rendering --- discourse.paraview.org},
	howpublished = {\url{https://discourse.paraview.org/t/im-using-ubuntu-22-and-paraview-osmesa-binary-crashes-on-rendering/14046}},
	year = {},
	note = {[Accessed 13-08-2024]},
}
